@article{gillespie,
  title={Exact stochastic simulation of coupled chemical reactions},
  author={Gillespie, Daniel T},
  journal={The journal of physical chemistry},
  volume={81},
  number={25},
  pages={2340--2361},
  year={1977},
  publisher={ACS Publications}
}
@article{mohammad,
  title={Phenotypic heterogeneity in modeling cancer evolution},
  author={Mahdipour-Shirayeh, Ali and Kaveh, Kamran and Kohandel, Mohammad and Sivaloganathan, Sivabal},
  journal={PloS one},
  volume={12},
  number={10},
  pages={e0187000},
  year={2017},
  publisher={Public Library of Science}
}
@article{wodarz,
  title={Effect of cellular de-differentiation on the dynamics and evolution of tissue and tumor cells in mathematical models with feedback regulation},
  author={Wodarz, Dominik},
  journal={bioRxiv},
  pages={204214},
  year={2017},
  publisher={Cold Spring Harbor Laboratory}
}
@article{moh1,
  title={Evolution of the cancer stem cell model},
  author={Kreso, Antonija and Dick, John E},
  journal={Cell stem cell},
  volume={14},
  number={3},
  pages={275--291},
  year={2014},
  publisher={Elsevier}
}
@article{moh2,
  title={Cancer stem cell niche: the place to be},
  author={Borovski, Tijana and Felipe De Sousa, E Melo and Vermeulen, Louis and Medema, Jan Paul},
  journal={Cancer research},
  volume={71},
  number={3},
  pages={634--639},
  year={2011},
  publisher={AACR}
}
@inproceedings{moh3,
  title={Cancer stem cells in solid tumors: an overview},
  author={O'Brien, Catherine Adell and Kreso, Antonija and Dick, John E},
  booktitle={Seminars in radiation oncology},
  volume={19},
  number={2},
  pages={71--77},
  year={2009},
  organization={Elsevier}
}
@article{moh4,
  title={Stem cells, cancer, and cancer stem cells},
  author={Reya, Tannishtha and Morrison, Sean J and Clarke, Michael F and Weissman, Irving L},
  journal={nature},
  volume={414},
  number={6859},
  pages={105},
  year={2001},
  publisher={Nature Publishing Group}
}
@article{moh5,
  title={An evolutionary explanation for the presence of cancer nonstem cells in neoplasms},
  author={Sprouffske, Kathleen and Athena Aktipis, C and Radich, Jerald P and Carroll, Martin and Nedelcu, Aurora M and Maley, Carlo C},
  journal={Evolutionary applications},
  volume={6},
  number={1},
  pages={92--101},
  year={2013},
  publisher={Wiley Online Library}
}
@article{moh6,
  title={Cell plasticity and heterogeneity in cancer},
  author={Marjanovic, Nemanja D and Weinberg, Robert A and Chaffer, Christine L},
  journal={Clinical chemistry},
  volume={59},
  number={1},
  pages={168--179},
  year={2013},
  publisher={Clinical Chemistry}
}
@article{moh23,
  title={Stochastic state transitions give rise to phenotypic equilibrium in populations of cancer cells},
  author={Gupta, Piyush B and Fillmore, Christine M and Jiang, Guozhi and Shapira, Sagi D and Tao, Kai and Kuperwasser, Charlotte and Lander, Eric S},
  journal={Cell},
  volume={146},
  number={4},
  pages={633--644},
  year={2011},
  publisher={Elsevier}
}
@article{moh24,
  title={Cancer stem cell plasticity and tumor hierarchy},
  author={Cabrera, Marina Carla and Hollingsworth, Robert E and Hurt, Elaine M},
  journal={World journal of stem cells},
  volume={7},
  number={1},
  pages={27},
  year={2015},
  publisher={Baishideng Publishing Group Inc}
}
@article{moh25,
  title={Stem vs non-stem cell origin of colorectal cancer},
  author={Huels, DJ and Sansom, OJ},
  journal={British journal of cancer},
  volume={113},
  number={1},
  pages={1},
  year={2015},
  publisher={Nature Publishing Group}
}
@article{moh26,
  title={Lineage selection and plasticity in the intestinal crypt},
  author={Philpott, Anna and Winton, Douglas J},
  journal={Current opinion in cell biology},
  volume={31},
  pages={39--45},
  year={2014},
  publisher={Elsevier}
}
@article{watt2000,
  title={Out of Eden: stem cells and their niches},
  author={Watt, Fiona M and Hogan, Brigid LM},
  journal={Science},
  volume={287},
  number={5457},
  pages={1427--1430},
  year={2000},
  publisher={American Association for the Advancement of Science}
}
@article{weis2000,
  title={Stem cells},
  author={Weissman, Irving L},
  journal={cell},
  volume={100},
  number={1},
  pages={157--168},
  year={2000},
  publisher={Elsevier}
}